@misc{swagger,
  author = {},
  title = {Swagger official website},
  howpublished = "\url{https://swagger.io/}",
  year = {}, 
}

@misc{node,
  author = {},
  title = {Node official website},
  howpublished = "\url{https://nodejs.org}",
  year = {}, 
}

@misc{ecs,
  author = {Mark Jordan},
  title = {Entities, components and systems},
  howpublished = "\url{https://medium.com/ingeniouslysimple/entities-components-and-systems-89c31464240d}",
  year = {}, 
}

@misc{mongodb,
  author = {},
  title = {MongoDB official website},
  howpublished = "\url{https://www.mongodb.com}",
  year = {}, 
}

@book{gpugems,
	author = {Fernando, Randima},
	title = {GPU Gems: Programming Techniques, Tips and Tricks for Real-Time Graphics},
	year = {2004},
}

@techreport{imagediffsolidangle,
  author = "",
  title = {BRDF},
  institution = {Programmer Sought},
  url = {https://www.programmersought.com/article/75563391817/},
  year = ""
}


@article {merl,
	author = "Wojciech Matusik and Hanspeter Pfister and Matt Brand and Leonard McMillan",
	title = "A Data-Driven Reflectance Model",
	journal = "ACM Transactions on Graphics",
	year = "2003",
	volume = "22",
	number = "3",
	pages = "759-769"
}

@article{acid,
  author = {Theo Haerder and Andreas Reuter},
  title = {A Relational Model of Data for Large Shared Data Banks},
  numpages = {31},
  publisher = {ACM},
  year = 1983
}

@article{sql,
  author = {Edgar F. Codd},
  title = {A Relational Model of Data for Large Shared Data Banks},
  numpages = {11},
  publisher = {ACM},
  year = 1986
}

@techreport{narkowicz,
  author = {Krzysztof Narkowicz},
  title = {Analytical DFG Term for IBL},
  url = {https://knarkowicz.wordpress.com/2014/12/27/analytical-dfg-term-for-ibl/},
  year = 2014
}

@techreport{dfgapproximation,
  author = {Brian Karis},
  title = {Physically Based Shading on Mobile},
  url = {https://www.unrealengine.com/en-US/blog/physically-based-shading-on-mobile/},
  year = 2014
}

@article{prefilteredimportancesampling,
	author = {Jaroslav Křivánek, Mark Colbert},
	year = {2008},
	pages = {1147–1154},
	title = {Real-time shading with filtered importance sampling},
	volume = {18},
	journal = {EGSR '08: Proceedings of the Nineteenth Eurographics conference on Rendering},
}

@article{sh,
	author = {Ravi Ramamoorthi and Pat Hanrahan},
	year = {2001},
	pages = {2448-59},
	title = {On the relationship between Radiance and Irradiance: Determining the illumination from images of a convex Lambertian object},
	volume = {18},
	journal = {Journal of the Optical Society of America. A, Optics, image science, and vision},
}

@article{debevec,
  author = {Paul Debevec},
  title = {Rendering Synthetic Objects into Real Scenes: Bridging Traditional and Image-based Graphics with Global Illumination and High Dynamic Range Photography},
  numpages = {8},
  pages = {143-150},
  publisher = {ACM},
  series = {SIGGRAPH '86},
  year = 1986
}

@article{kajiya,
  author = {Kajiya, James T.},
  booktitle = {Proceedings of the 13th Annual Conference on Computer Graphics and Interactive Techniques},
  description = {The rendering equation},
  pages = {143-150},
  publisher = {ACM},
  series = {SIGGRAPH '86},
  title = {The Rendering Equation},
  year = 1986
}

@article{anisotropicggx,
	author = {Eric Heitz and Eugene d\textsc{\char13}Eon},
	year = {2001},
	title = {Importance Sampling Microfacet Based BSDFs with the Distribution of Visible Normals},
	volume = {5},
	journal = {Journal of Graphics Tools}
}

@article{anisotropicphong,
	author = {Ashikhmin, Michael and Shirley, Peter},
	year = {2001},
	title = {An Anisotropic Phong Light Reflection Model},
	volume = {5},
	journal = {Journal of Graphics Tools}
}

@article{torrancesparrow,
	author = {Torrance, K.E. and Sparrow, E.M.},
	journal = {Journal of the Optical Society of America ({JOSA})},
	pages = {1105--1114},
	title = {Theory for Off-Specular Reflection from Roughened Surfaces},
	url = {http://www.graphics.cornell.edu/~westin/pubs/TorranceSparrowJOSA1967.pdf},
	volume = 57,
	year = 1967
}

@book{lambert,
	author = {Johann Heinrich Lambert },
	year = {1760},
	title = {Photometria},
}

@article{beckmannspinozo,
	author = {Kurt, Murat and Szirmay-Kalos, László and Krivanek, Jaroslav},
	year = {2010},
	title = {An Anisotropic BRDF Model for Fitting and Monte Carlo Rendering},
	journal = {ACM SIGGRAPH Computer Graphics},
}

@misc{materialx,
  author = {Doug Smythe, Jonathan Stone},
  title = {MaterialX: An Open Standard for Network-Based CG Object Looks},
  howpublished = "\url{http://www.materialx.org/assets/MaterialX.v1.38D1.Spec.pdf}",
  year = {2020}, 
}


@misc{filament,
  author = {Romain Guy},
  title = {Physically Based Rendering in Filament},
  howpublished = "\url{https://google.github.io/filament/Filament.html}",
  year = {2013}, 
}

@misc{brdfreference,
  author = {Brian Karis},
  title = {Specular BRDF Reference},
  howpublished = "\url{http://graphicrants.blogspot.com/2013/08/specular-brdf-reference.html}",
  year = {2013}, 
}

@article{ashikhmin00,
author = {Ashikhmin, Michael and Premoze, Simon and Shirley, Peter},
year = {2000},
month = {01},
pages = {65-74},
title = {A microfacet-based BRDF generator}
}

@article{ashikhmin,
	author = {Ashikhmin, Michael},
	year = {2007},
	pages = {9},
	publisher = {Stony Brook University},
	title = {Distribution-based BRDFs}
}

@misc{callofduty,
  author = {Danny Chan},
  title = {Material advances in Call of Duty: WWII},
  howpublished = "\url{https://advances.realtimerendering.com/s2018/MaterialAdvancesInWWII.pdf}",
  publisher = {GDCVault},
  year = {2017}, 
}

@misc{earlhammon,
  author = {Earl Hammon, Jr},
  title = {PBR Diffuse Lighting for GGX+Smith Microsurfaces},
  howpublished = "\url{https://www.gdcvault.com/play/1024478/PBR-Diffuse-Lighting-for-GGX}",
  publisher = {GDCVault},
  year = {2017}, 
}

@article{gotanda14,
  author = {Yoshiharu Gotanda},
  numpages = {14},
  publisher = {tri-Ace, Inc},
  title = {Designing Reflectance Models for New Consoles},
  year = 2014
}

@misc{fujii,
  author = {Yasuhiro Fujii},
  title = {A tiny improvement of Oren-Nayar reflectance model},
  howpublished = "\url{https://mimosa-pudica.net/improved-oren-nayar.html}",
  year = {2012}, 
}

@article{gotanda,
  author = {Yoshiharu Gotanda},
  description = {A reflectance model for computer graphics},
  numpages = {16},
  publisher = {tri-Ace, Inc},
  title = {Beyond a Simple Physically Based Blinn-Phong Model in Real-Time },
  year = 2012
}

@book{orennayar,
    author = {Michael Oren and Shree K. Nayar},
    title = {Generalization of Lambert's Reflectance Model},
    booktitle = {In SIGGRAPH 94},
    year = {1994},
    pages = {239--246},
    publisher = {ACM}
}

@article{cooktorrance,
  author = {Robert Cook},
  description = {A reflectance model for computer graphics},
  journal = {SIGGRAPH Comput. Graph.},
  month = aug,
  number = 3,
  numpages = {10},
  pages = {307--316},
  publisher = {ACM},
  title = {A Reflectance Model for Computer Graphics},
  volume = 15,
  year = 1981
}

@article{blinn77,
  author = {Blinn, James F.},
  editor = {George, James},
  pages = {192-198},
  publisher = {ACM},
  title = {Models of light reflection for computer synthesized pictures.},
  url = {http://dblp.uni-trier.de/db/conf/siggraph/siggraph1977.html#Blinn77},
  year = 1977
}

@book{beckmann,
  author = {Beckmann, Petr and Spizzichino, Andr{\'e}},
  publisher = {Artech House, Inc.},
  title = {The Scattering of Electromagnetic Waves from Rough Surfaces},
  year = 1963
}

@article{neumann,
  author = {Neumann, László and Neumann, Attila and Szirmay-Kalos, László},
  journal = {Comput. Graph. Forum},
  number = 3,
  pages = {161-172},
  title = {Compact Metallic Reflectance Models.},
  url = {http://dblp.uni-trier.de/db/journals/cgf/cgf18.html#NeumannNS99},
  volume = 18,
  year = 1999
}

@article{kelemen,
    author = {Csaba Kelemen and Laszlo Szirmay-Kalos and László Szirmay-kalos},
    title = {A Microfacet Based Coupled Specular-Matte BRDF Model with Importance Sampling},
    year = {2001}
}

@article{smith,
  author={B. {Smith}},
  journal={IEEE Transactions on Antennas and Propagation}, 
  title={Geometrical shadowing of a random rough surface}, 
  year={1967},
  volume={15},
  number={5},
  pages={668-671},}

@article{schlick,
  author = {Christophe Schlick},
  description = {CiteSeerX — An Inexpensive BRDF Model for Physically-based Rendering},
  journal = {Computer Graphics Forum},
  number = 3,
  pages = {233--246},
  title = {An Inexpensive BRDF Model for Physically-based Rendering},
  volume = 13,
  year = 1994
}

@techreport{reed,
  author = {Nathan Reed},
  title = {How Is The NDF Really Defined?},
  url = {http://www.reedbeta.com/blog/hows-the-ndf-really-defined/},
  urldate = {2016-02-05},
  year = 2013
}

@article{ggx,
	Author = {Bruce Walter},
	Journal = {EGSR'07: Proceedings of the 18th Eurographics conference on Rendering Techniques},
    Volume = {18},
    Number = {12},
    Numpages = {7},
	Pages = {1-12},
	Title = {Microfacet Models for Refraction through Rough Surfaces},
	Url = {https://www.cs.cornell.edu/~srm/publications/EGSR07-btdf.pdf},
	Month = {7},
	Year = {2007}
}

@article{sheen,
	Author = {Est\'evez},
	Journal = {none},
    Volume = {18},
    Number = {10},
    Numpages = {2},
	Pages = {1-2},
	Title = {Distribution-based BRDFs},
	Url = {http://www.aconty.com/pdf/s2017_pbs_imageworks_sheen.pdf},
	Month = {7},
	Year = {2007}
}

@techreport{shadingmobile,
  institution = {Epic Games},
  title = {Physically Based Shading on Mobile},
  url = {https://www.unrealengine.com/en-US/blog/physically-based-shading-on-mobile},
  year = 2014
}

// ----
@article{phong,
	Author = {Bui Tuong Phong},
	Journal = {Communications of the ACM},
    Volume = {18},
    Number = {6},
    Numpages = {7},
	Pages = {311-317},
	Title = {Illumination of Computer-Generated Images},
	Url = {https://users.cs.northwestern.edu/~ago820/cs395/Papers/Phong_1975.pdf},
	Month = {7},
	Year = {1973}
}

@article{gouraud,
	Author = {Henri Gouraud},
	Journal = {IEEE Transactions on Computers},
    Volume = {20},
    Number = {6},
    Numpages = {7},
	Pages = {87-93},
	Title = {Continous Shading of Curved Surfaces},
	Url = {http://page.mi.fu-berlin.de/block/htw-lehre/wise2012_2013/bel_und_rend/skripte/gouraud1971.pdf},
	Month = {6},
	Year = {1971}
}

@article{blinnphong,
	Author = {James F. Blinn},
	Journal = {SIGGRAPH 1977: Proceedings of the 4th annual conference on Computer graphics and interactive techniques},
    Numpages = {7},
	Pages = {192-198},
	Title = {Models of Light Reflection for Computer Synthesized Pictures},
	Url = {http://page.mi.fu-berlin.de/block/htw-lehre/wise2012_2013/bel_und_rend/skripte/gouraud1971.pdf},
	Month = {7},
	Year = {1977}
}

@article{unreal,
	Author = {Brian Karis},
	Journal = {SIGGRAPH 2013},
    Numpages = {59},
	Pages = {1-59},
	Title = {Real Shading in Unreal Engine 4},
	Url = {https://cdn2.unrealengine.com/Resources/files/2013SiggraphPresentationsNotes-26915738.pdf},
	Month = {7},
	Year = {2013}
}

@article{frostbite,
	Author = {S\'ebastien Lagarde, Charles de Rousiers},
	Journal = {SIGGRAPH 2014},
    Numpages = {1-122},
	Pages = {122},
	Title = {Moving Frostbite to Physically Based Rendering},
	Url = {https://media.contentapi.ea.com/content/dam/eacom/frostbite/files/course-notes-moving-frostbite-to-pbr-v32.pdf},
	Month = {8},
	Year = {2014},
}

@article{disney12,
	Author = {Brent Burley},
	Journal = {SIGGRAPH 2012},
    Numpages = {1-26},
	Pages = {26},
	Title = {Physically-Based Shading at Disney},
	Url = {https://disney-animation.s3.amazonaws.com/library/s2012_pbs_disney_brdf_notes_v2.pdf},
	Month = {7},
	Year = {2012},
}

% ------------------------------------------------------------
@article{killzone,
	Author = {Michal Drobot},
	Journal = {Digital Dragons},
    Numpages = {118},
	Pages = {1-118},
	Title = {Lighting of Killzone Shadow Fall},
	Url = {http://www.klayge.org/material/4_6/Drobot_Lighting_of_Killzone_Shadow_Fall.pdf},
	Month = {4},
	Year = {2013}
}

@article{blackopstalk,
	Author = {Dimitar Lazarov},
	Journal = {SIGGRAPH 2013},
    Numpages = {35},
	Pages = {1-35},
	Title = {Getting More Physical in Call of Duty: Black Ops II talk},
	Url = {https://blog.selfshadow.com/publications/s2013-shading-course/\#course_content},
	Month = {7},
	Year = {2013}
}

@article{blackops,
	Author = {Dimitar Lazarov},
	Journal = {SIGGRAPH 2013},
    Numpages = {18},
	Pages = {1-18},
	Title = {Getting More Physical in Call of Duty: Black Ops II},
	Url = {https://blog.selfshadow.com/publications/s2013-shading-course/lazarov/s2013_pbs_black_ops_2_notes.pdf},
	Month = {7},
	Year = {2013}
}

@article{theordertalk,
	Author = {David Neubelt, Matt Pettineo},
	Journal = {SIGGRAPH 2013},
    Numpages = {74},
	Pages = {1-74},
	Title = {Crafting a Next-Gen Material Pipeline for The Order: 1886 talk},
	Url = {https://blog.selfshadow.com/publications/s2013-shading-course/rad/s2013_pbs_rad_slides.pdf},
	Month = {7},
	Year = {2013},
}

@article{theorder,
	Author = {David Neubelt, Matt Pettineo},
	Journal = {SIGGRAPH 2013},
    Numpages = {29},
	Pages = {1-29},
	Title = {Crafting a Next-Gen Material Pipeline for The Order: 1886},
	Url = {https://blog.selfshadow.com/publications/s2013-shading-course/rad/s2013_pbs_rad_notes.pdf},
	Month = {7},
	Year = {2013},
}

@article{frostbitetalk,
	Author = {S\'ebastien Lagarde, Charles de Rousiers},
	Journal = {SIGGRAPH 2014},
    Numpages = {91},
	Pages = {1-91},
	Title = {Moving Frostbite to Physically Based Rendering talk},
	Url = {https://media.contentapi.ea.com/content/dam/eacom/frostbite/files/s2014-pbs-frostbite-slides.pdf},
	Month = {8},
	Year = {2014},
}

@article{disney15talk,
	Author = {Brent Burley},
	Journal = {SIGGRAPH 2015},
    Numpages = {62},
	Pages = {1-62},
	Title = {Extending the Disney BRDF to a BSDF with Integrated Subsurface Scattering talk},
	Url = {https://blog.selfshadow.com/publications/s2015-shading-course/burley/s2015_pbs_disney_bsdf_slides.pdf},
	Month = {8},
	Year = {2015},
}

@article{disney15,
	Author = {Brent Burley},
	Journal = {SIGGRAPH 2015},
    Numpages = {19},
	Pages = {1-19},
	Title = {Extending the Disney BRDF to a BSDF with Integrated Subsurface Scattering},
	Url = {https://blog.selfshadow.com/publications/s2015-shading-course/burley/s2015_pbs_disney_bsdf_notes.pdf},
	Month = {8},
	Year = {2015},
}

@article{uncharted4,
	Author = {Yibing Jiang},
	Journal = {SIGGRAPH 2016},
    Numpages = {70},
	Pages = {1-70},
	Title = {The process of creating volumetric-based materials in Uncharted 4},
	Url = {http://advances.realtimerendering.com/s2016/The%20Process%20of%20Creating%20Volumetric-based%20Materials%20in%20Uncharted%204.pptx},
	Month = {7},
	Year = {2016},
}

@article{pbmwherearewe,
	Author = {S\'ebastian Lagarde},
	Journal = {SIGGRAPH 2017},
    Numpages = {119},
	Pages = {1-119},
	Title = {Physically-Based Material, where are we},
	Url = {http://openproblems.realtimerendering.com/s2017/02-PhysicallyBasedMaterialWhereAreWe.pdf},
	Month = {7},
	Year = {2017},
}

@article{sheenbrdf,
	Author = {Alejandro Conty Estevez, Christopher Kulla},
	Journal = {SIGGRAPH 2017},
    Numpages = {2},
	Pages = {1-2},
	Title = {Production Friendly Microfacet Sheen BRDF},
	Url = {http://www.aconty.com/pdf/s2017_pbs_imageworks_sheen.pdf},
	Month = {7},
	Year = {2017},
}

% ------------------------------------------------------------
@book{raytracinggems,
    author        = {Eric Haines, Tomas Akenine-Möller},
    title         = {Ray Tracing Gems: High-Quality and Real-Time Rendering with DXR and Other APIs},
    year          = {2019}
}

@book{pbr,
    author        = {Matt Pharr, Wenzel Jakob, Greg Humphreys},
    title         = {Physically Based Rendering From Theory To Implementation},
    year          = {2017}
}

@book{rtrendering,
    author        = {Tomas Akenine-M\"oller, Eric Haine, Naty Hoffman, Angelo Pesce, Michal Iwanicki, S\'ebastien Hillaire},
    title         = {Physically Based Rendering From Theory To Implementation},
    year          = {2017}
}

	
@TechReport{decaudinnpr,
  author      = "Philippe Decaudin",
  title       = "Cartoon Looking Rendering of 3{D} Scenes",
  institution = "INRIA",
  type        = "Research Report",
  number      = "2919",
  month       = jun,
  year        = "1996",
  url         = "http://phildec.users.sf.net/Research/RR-2919.php"
}